<record><leader>00000cas a22000007a 4500</leader><controlfield tag="001">12331846</controlfield><controlfield tag="008">850731d19151941hiucr ne      0    0jpn d</controlfield><datafield ind1=" " ind2=" " tag="010"><subfield code="a">sn 85047183 </subfield></datafield><datafield ind1=" " ind2=" " tag="040"><subfield code="a">HWN</subfield><subfield code="b">eng</subfield><subfield code="c">HWN</subfield><subfield code="d">CNK</subfield><subfield code="d">OCLCQ</subfield><subfield code="d">OCLCF</subfield><subfield code="d">OCLCO</subfield><subfield code="d">OCL</subfield></datafield><datafield ind1="0" ind2=" " tag="041"><subfield code="a">jpneng</subfield></datafield><datafield ind1=" " ind2=" " tag="042"><subfield code="a">msc</subfield></datafield><datafield ind1=" " ind2=" " tag="043"><subfield code="a">n-us-hi</subfield></datafield><datafield ind1="0" ind2="4" tag="245"><subfield code="a">The Maui shinbun.</subfield></datafield><datafield ind1=" " ind2=" " tag="260"><subfield code="a">Wailuku, Maui, T.H. :</subfield><subfield code="b">Maui Shinbun Sha.</subfield></datafield><datafield ind1=" " ind2=" " tag="300"><subfield code="a">v. :</subfield><subfield code="b">ill. ;</subfield><subfield code="c">57 cm.</subfield></datafield><datafield ind1=" " ind2=" " tag="310"><subfield code="a">Semiweekly,</subfield><subfield code="b">Sept. 9, 1932-</subfield></datafield><datafield ind1=" " ind2=" " tag="321"><subfield code="a">Semiweekly,</subfield><subfield code="b">1915-Jan. 6, 1930</subfield></datafield><datafield ind1=" " ind2=" " tag="321"><subfield code="a">Triweekly,</subfield><subfield code="b">Jan. 8, 1930-Sept. 6, 1932</subfield></datafield><datafield ind1="0" ind2=" " tag="362"><subfield code="a">No. 1 (Jan. 1, 1915)-v. [5], no. 199 (Dec. 5, 1941).</subfield></datafield><datafield ind1=" " ind2=" " tag="500"><subfield code="a">Editor: 1920-1941, S. Yasui.</subfield></datafield><datafield ind1=" " ind2=" " tag="515"><subfield code="a">Numbering is irregular.</subfield></datafield><datafield ind1=" " ind2=" " tag="546"><subfield code="a">In Japanese; English section added in 1936.</subfield></datafield><datafield ind1=" " ind2="0" tag="651"><subfield code="a">Maui (Hawaii)</subfield><subfield code="v">Newspapers.</subfield></datafield><datafield ind1=" " ind2="0" tag="650"><subfield code="a">Japanese newspapers</subfield><subfield code="z">Hawaii.</subfield></datafield><datafield ind1=" " ind2="7" tag="650"><subfield code="a">Japanese newspapers.</subfield><subfield code="2">fast</subfield><subfield code="0">(OCoLC)fst00981873</subfield></datafield><datafield ind1=" " ind2="7" tag="651"><subfield code="a">Hawaii.</subfield><subfield code="2">fast</subfield><subfield code="0">(OCoLC)fst01208724</subfield></datafield><datafield ind1=" " ind2="7" tag="651"><subfield code="a">Hawaii</subfield><subfield code="z">Maui.</subfield><subfield code="2">fast</subfield><subfield code="0">(OCoLC)fst01239574</subfield></datafield><datafield ind1=" " ind2="7" tag="655"><subfield code="a">Newspapers.</subfield><subfield code="2">fast</subfield><subfield code="0">(OCoLC)fst01423814</subfield></datafield><datafield ind1="1" ind2=" " tag="700"><subfield code="a">Yasui, Satosuke.</subfield></datafield><datafield ind1=" " ind2=" " tag="752"><subfield code="a">United States</subfield><subfield code="b">Hawaii</subfield><subfield code="c">Maui</subfield><subfield code="d">Wailuku.</subfield></datafield><datafield ind1="1" ind2=" " tag="029"><subfield code="a">AU@</subfield><subfield code="b">000015829252</subfield></datafield><datafield ind1="1" ind2=" " tag="029"><subfield code="a">AU@</subfield><subfield code="b">000015723736</subfield></datafield></record>